@misc{monkeyc_2021, title={Hello Monkey C!}, url={https://developer.garmin.com/connect-iq/monkey-c/}, journal={Monkey C}, publisher={Garmin LTD or Its Subsidiaries}, year={2021}}

 @misc{TypeScript_wikipedia_2020, title={TypeScript}, url={https://cs.wikipedia.org/wiki/TypeScript}, journal={Wikipedia}, publisher={Wikimedia Foundation}, year={2020}, month={8}}

@misc{Interpret_2020, title={Interpret (software)}, url={https://cs.wikipedia.org/wiki/Interpret_(software)}, journal={Wikipedia}, publisher={Wikimedia Foundation}, year={2020}, month={6}}

@misc{ANTLR_2021, url={https://www.antlr.org/}, journal={ANTLR}, author={Parr, Terence}, year={2021}}

@misc{LL_2017, title={LL syntaktický analyzátor}, url={https://cs.wikipedia.org/wiki/LL_syntaktick%C3%BD_analyz%C3%A1tor}, journal={Wikipedia}, publisher={Wikimedia Foundation}, year={2017}, month={6}}

%citace z The Definitive ANTLR 4 Reference
@inbook{ANTLR_2013, booktitle={Definitive ANTLR 4 reference}, publisher={Pragmatic Bookshelf}, author={Parr, Terence}, year={2013}}
 
%citace z konkretnich stran The Definitive ANTLR 4 Reference ↓↓↓
%-----------------------------------------------------------------------
@inbook{ANTLR_PG_10, booktitle={Definitive ANTLR 4 reference}, publisher={Pragmatic Bookshelf}, author={Parr, Terence}, year={2013}, pages={10}}

@inbook{ANTLR_PG_20, booktitle={Definitive ANTLR 4 reference}, publisher={Pragmatic Bookshelf}, author={Parr, Terence}, year={2013}, pages={20}}

%-----------------------------------------------------------------------

@misc{VSCODE_2020, title={Visual Studio Code}, url={https://cs.wikipedia.org/wiki/Visual_Studio_Code}, journal={Wikipedia}, publisher={Wikimedia Foundation}, year={2020}, month={6}}

@misc{marketplace, title={Visual Studio Marketplace}, url={https://marketplace.visualstudio.com/vscode}, journal={Marketplace}, publisher={Microsoft Corporation}}

@misc{jetbrains, title={Essential tools for software developers and teams}, url={https://www.jetbrains.com/}, journal={JetBrains}, publisher={JetBrains s.r.o.}} 
