@misc{monkeyc_2021, title={Hello Monkey C!}, url={https://developer.garmin.com/connect-iq/monkey-c/}, journal={Monkey C}, publisher={Garmin LTD or Its Subsidiaries}, year={2021}}

@book{abelson1996structure,
  title={Structure and interpretation of computer programs},
  author={Abelson, Harold and Sussman, Gerald Jay},
  year={1996},
  publisher={The MIT Press}
}

@misc{TypeScript_wikipedia_2020, title={TypeScript}, url={https://cs.wikipedia.org/wiki/TypeScript}, journal={Wikipedia}, publisher={Wikimedia Foundation}, year={2020}, month={8}}

@misc{Interpret_2020, title={Interpret (software)}, url={https://cs.wikipedia.org/wiki/Interpret_(software)}, journal={Wikipedia}, publisher={Wikimedia Foundation}, year={2020}, month={6}}

@misc{ANTLR_2021, url={https://www.antlr.org/}, journal={ANTLR}, author={Parr, Terence}, year={2021}}

@misc{LL_2017, title={LL syntaktický analyzátor}, url={https://cs.wikipedia.org/wiki/LL_syntaktick%C3%BD_analyz%C3%A1tor}, journal={Wikipedia}, publisher={Wikimedia Foundation}, year={2017}, month={6}}

%citace z The Definitive ANTLR 4 Reference
@inbook{ANTLR_2013, booktitle={Definitive ANTLR 4 reference}, publisher={Pragmatic Bookshelf}, author={Parr, Terence}, year={2013}}
 
%citace z konkretnich stran The Definitive ANTLR 4 Reference ↓↓↓
%-----------------------------------------------------------------------
@inbook{ANTLR_PG_10, booktitle={Definitive ANTLR 4 reference}, publisher={Pragmatic Bookshelf}, author={Parr, Terence}, year={2013}, pages={10}}

@inbook{ANTLR_PG_20, booktitle={Definitive ANTLR 4 reference}, publisher={Pragmatic Bookshelf}, author={Parr, Terence}, year={2013}, pages={20}}

%-----------------------------------------------------------------------

@misc{VSCODE_2020, title={Visual Studio Code}, url={https://cs.wikipedia.org/wiki/Visual_Studio_Code}, journal={Wikipedia}, publisher={Wikimedia Foundation}, year={2020}, month={6}}

@misc{marketplace, title={Visual Studio Marketplace}, url={https://marketplace.visualstudio.com/vscode}, journal={Marketplace}, publisher={Microsoft Corporation}}

@misc{jetbrains, title={Essential tools for software developers and teams}, url={https://www.jetbrains.com/}, journal={JetBrains}, publisher={JetBrains s.r.o.}}

@misc{GARMIN_OFFICIAL, title={Garmin International: Home}, url={https://www.garmin.com/en-US/}, journal={Garmin International | Home}, publisher={Garmin Ltd.}}

@misc{Garmin_Connect_IQ, title={Garmin Connect IQ: An in-depth introduction to the platform you can now use today}, url={https://www.dcrainmaker.com/2015/01/connect-iq-intro.html}, journal={DC Rainmaker}, year={2015}, month={1}}

@thesis{věnsek_2019, title={Konfigurovatelná aplikace hodinek pro platformu Garmin Connect IQ}, author={Věnsek, Tomáš}, year={2019}, pages={19}}

@misc{mike_lischke, title={mike-lischke/antlr4-c3}, url={https://github.com/mike-lischke/antlr4-c3}, journal={GitHub}, author={Mike-Lischke}} 
